@inproceedings{MaiICIAP15,
  author    = {Tien{-}Dung Mai and
               Thanh Duc Ngo and
               Duy{-}Dinh Le and
               Duc Anh Duong and
               Kiem Hoang and
               Shin'ichi Satoh},
  title     = {Learning Balanced Trees for Large Scale Image Classification},
  booktitle = {ICIAP},
  pages     = {3--13},
  year      = {2015}
}
@inproceedings{Gao.ICCV2011,
 author    = {Tianshi Gao and
               Daphne Koller},
  title     = {Discriminative learning of relaxed hierarchy for large-scale visual
               recognition},
  booktitle = {{IEEE} International Conference on Computer Vision, {ICCV} 2011, Barcelona,
               Spain, November 6-13, 2011},
  pages     = {2072--2079},
  year      = {2011}
}

@inproceedings{Griffin.CVPR2008,
 author    = {Gregory Griffin and
               Pietro Perona},
  title     = {Learning and using taxonomies for fast visual categorization},
  booktitle = {2008 {IEEE} Computer Society Conference on Computer Vision and Pattern
               Recognition {(CVPR} 2008), 24-26 June 2008, Anchorage, Alaska, {USA}},
  year      = {2008},
  pages={1-8}
}

@INPROCEEDINGS{LapinCVPR2014,
   author    = {Maksim Lapin and
               Bernt Schiele and
               Matthias Hein},
  title     = {Scalable Multitask Representation Learning for Scene Classification},
  booktitle = {2014 {IEEE} Conference on Computer Vision and Pattern Recognition,
               {CVPR} 2014, Columbus, OH, USA, June 23-28, 2014},
  pages     = {1434--1441},
  year      = {2014}  
}

@inproceedings{Marszalek.ECCV2008,
 author    = {Marcin Marszalek and
               Cordelia Schmid},
  title     = {Constructing Category Hierarchies for Visual Recognition},
  booktitle = {Computer Vision - {ECCV} 2008, 10th European Conference on Computer
               Vision, Marseille, France, October 12-18, 2008, Proceedings, Part
               {IV}},
  pages     = {479--491},
  year      = {2008}
}

@inproceedings{SunICCV2013,
  author    = {Min Sun and
               Wan Huang and
               Silvio Savarese},
  title     = {Find the Best Path: An Efficient and Accurate Classifier for Image
               Hierarchies},
  booktitle = {{IEEE} International Conference on Computer Vision, {ICCV} 2013, Sydney,
               Australia, December 1-8, 2013},
  pages     = {265--272},
  year      = {2013}
}

@inproceedings{Bengio.NIPS2010,
 author    = {Samy Bengio and
               Jason Weston and
               David Grangier},
  title     = {Label Embedding Trees for Large Multi-Class Tasks},
  booktitle = {Advances in Neural Information Processing Systems 23, NIPS 2010 . Proceedings
               of a meeting held 6-9 December 2010, Vancouver, British Columbia,
               Canada.},
  pages     = {163--171},
  year      = {2010}
}

@article{Rifkin2004,
  author    = {Ryan M. Rifkin and
               Aldebaro Klautau},
  title     = {In Defense of One-Vs-All Classification},
  journal   = {Journal of Machine Learning Research},
  volume    = {5},
  pages     = {101--141},
  year      = {2004}
} 

@inproceedings{Deng.CVPR2011,
  author    = {Jia Deng and
               Alexander C. Berg and
               Fei{-}Fei Li},
  title     = {Hierarchical semantic indexing for large scale image retrieval},
  booktitle = {The 24th {IEEE} Conference on Computer Vision and Pattern Recognition,
               {CVPR} 2011, Colorado Springs, CO, USA, 20-25 June 2011},
  pages     = {785--792},
  year      = {2011}
}
@inproceedings{Deng.NIPS2011,
author    = {Jia Deng and
               Sanjeev Satheesh and
               Alexander C. Berg and
               Fei{-}Fei Li},
  title     = {Fast and Balanced: Efficient Label Tree Learning for Large Scale Object
               Recognition},
  booktitle = {Advances in Neural Information Processing Systems 24, NIPS 2011. Proceedings
               of a meeting held 12-14 December 2011, Granada, Spain.},
  pages     = {567--575},
  year      = {2011}
}

@inproceedings{Deng.ECCV2010,
  author    = {Jia Deng and
               Alexander C. Berg and
               Kai Li and
               Fei{-}Fei Li},
  title     = {What Does Classifying More Than 10, 000 Image Categories Tell Us?},
  booktitle = {Computer Vision - {ECCV} 2010 - 11th European Conference on Computer
               Vision, Heraklion, Crete, Greece, September 5-11, 2010, Proceedings,
               Part {V}},
  pages     = {71--84},
  year      = {2010}
}

@techreport{GriffinCaltech256,
Author = {G. Griffin and A. Holub and P. Perona},
Title = {Caltech-256 Object Category Dataset},
Institution = {California Institute of Technology},
    Year = {2007},
    URL = {http://authors.library.caltech.edu/7694},
    Number = {7694}
}
@inproceedings{SUN2010,
  author    = {Jianxiong Xiao and
               James Hays and
               Krista A. Ehinger and
               Aude Oliva and
               Antonio Torralba},
  title     = {{SUN} database: Large-scale scene recognition from abbey to zoo},
  booktitle = {The Twenty-Third {IEEE} Conference on Computer Vision and Pattern
               Recognition, {CVPR} 2010, San Francisco, CA, USA, 13-18 June 2010},
  pages     = {3485--3492},
  year      = {2010}
}

@article{Akata.TPAMI2013,
 author    = {Zeynep Akata and
               Florent Perronnin and
               Za{\"{\i}}d Harchaoui and
               Cordelia Schmid},
  title     = {Good Practice in Large-Scale Learning for Image Classification},
  journal   = {{IEEE} Trans. Pattern Anal. Mach. Intell.},
  volume    = {36},
  number    = {3},
  pages     = {507--520},
  year      = {2014},
  publisher = {IEEE},
  month = Mar
    
}


@inproceedings{Liu.ICME2005,
author    = {Song Liu and
               Haoran Yi and
               Liang{-}Tien Chia and
               Deepu Rajan},
  title     = {Adaptive hierarchical multi-class {SVM} classifier for texture-based
               image classification},
  booktitle = {Proceedings of the 2005 {IEEE} International Conference on Multimedia
               and Expo, {ICME} 2005, July 6-9, 2005, Amsterdam, The Netherlands},
  pages     = {1190--1193},
  year      = {2005}
}  

@misc{Vedaldi10vlfeat,
	author    = {Andrea Vedaldi and
               Brian Fulkerson},
  title     = {Vlfeat: an open and portable library of computer vision algorithms},
  booktitle = {Proceedings of the 18th International Conference on Multimedia 2010,
               Firenze, Italy, October 25-29, 2010},
  pages     = {1469--1472},
  year      = {2010}
 }
@inproceedings{Wang.CVPR2010,
 author    = {Jinjun Wang and
               Jianchao Yang and
               Kai Yu and
               Fengjun Lv and
               Thomas S. Huang and
               Yihong Gong},
  title     = {Locality-constrained Linear Coding for image classification},
  booktitle = {The Twenty-Third {IEEE} Conference on Computer Vision and Pattern
               Recognition, {CVPR} 2010, San Francisco, CA, USA, 13-18 June 2010},
  pages     = {3360--3367},
  year      = {2010}
}


@inproceedings{Zhao.CVPR2013,
 author    = {Bin Zhao and
               Eric P. Xing},
  title     = {Sparse Output Coding for Large-Scale Visual Recognition},
  booktitle = {2013 {IEEE} Conference on Computer Vision and Pattern Recognition,
               Portland, OR, USA, June 23-28, 2013},
  pages     = {3350--3357},
  year      = {2013}
}

@article{LIBLINEAR_2008,
 author    = {Rong{-}En Fan and
               Kai{-}Wei Chang and
               Cho{-}Jui Hsieh and
               Xiang{-}Rui Wang and
               Chih{-}Jen Lin},
  title     = {{LIBLINEAR:} {A} Library for Large Linear Classification},
  journal   = {Journal of Machine Learning Research},
  volume    = {9},
  pages     = {1871--1874},
  year      = {2008}
} 



@inproceedings{Kusakunniran.ICME2013,
  author    = {Worapan Kusakunniran and
               Shinichi Satoh and
               Jian Zhang and
               Qiang Wu},
  title     = {Attribute-based learning for large scale object classification},
  booktitle = {Proceedings of the 2013 IEEE International Conference on Multimedia and Expo, (ICME 2013)},
  year      = {2013},
  pages     = {1-6}
  
}

@article{Dietterich.JAIR1995,
  author    = {Thomas G. Dietterich and
               Ghulum Bakiri},
  title     = {Solving Multiclass Learning Problems via Error-Correcting Output Codes},
  journal   = {J. Artif. Intell. Res. {(JAIR)}},
  volume    = {2},
  pages     = {263--286},
  year      = {1995}
}
@article{Allwein.JMLR2001,
	author    = {Erin L. Allwein and
               Robert E. Schapire and
               Yoram Singer},
  title     = {Reducing Multiclass to Binary: {A} Unifying Approach for Margin Classifiers},
  journal   = {Journal of Machine Learning Research},
  volume    = {1},
  pages     = {113--141},
  year      = {2000}
} 
@article{Escalera.JMLR2010,
   author    = {Sergio Escalera and
               Oriol Pujol and
               Petia Radeva},
  title     = {Error-Correcting Ouput Codes Library},
  journal   = {Journal of Machine Learning Research},
  volume    = {11},
  pages     = {661--664},
  year      = {2010}
}
@inproceedings{Lazebnik.CVPR2006,
 author    = {Svetlana Lazebnik and
               Cordelia Schmid and
               Jean Ponce},
  title     = {Beyond Bags of Features: Spatial Pyramid Matching for Recognizing
               Natural Scene Categories},
  booktitle = {2006 {IEEE} Computer Society Conference on Computer Vision and Pattern
               Recognition {(CVPR} 2006), 17-22 June 2006, New York, NY, {USA}},
  pages     = {2169--2178},
  year      = {2006}
}

@article{Datta:2008,
 author    = {Ritendra Datta and
               Dhiraj Joshi and
               Jia Li and
               James Ze Wang},
  title     = {Image retrieval: Ideas, influences, and trends of the new age},
  journal   = {{ACM} Comput. Surv.},
  pages = {5:1--5:60} ,

  volume    = {40},
  number    = {2},
  year      = {2008}
  
} 
@inproceedings{DengBergFei-Fei.CVPR2011,
author    = {Jia Deng and
               Alexander C. Berg and
               Fei{-}Fei Li},
  title     = {Hierarchical semantic indexing for large scale image retrieval},
  booktitle = {The 24th {IEEE} Conference on Computer Vision and Pattern Recognition,
               {CVPR} 2011, Colorado Springs, CO, USA, 20-25 June 2011},
  pages     = {785--792},
  year      = {2011}
}
@inproceedings{Li.CVPR2009,
 author    = {Li{-}Jia Li and
               Richard Socher and
               Fei{-}Fei Li},
  title     = {Towards total scene understanding: Classification, annotation and
               segmentation in an automatic framework},
  booktitle = {2009 {IEEE} Computer Society Conference on Computer Vision and Pattern
               Recognition {(CVPR} 2009), 20-25 June 2009, Miami, Florida, {USA}},
  pages     = {2036--2043},
  year      = {2009}
}
@inproceedings{ng2002spectral,
  author    = {Andrew Y. Ng and
               Michael I. Jordan and
               Yair Weiss},
  title     = {On Spectral Clustering: Analysis and an algorithm},
  booktitle = {Advances in Neural Information Processing Systems 14, {NIPS} 2001, December 3-8,
               2001, Vancouver, British Columbia, Canada]},
  pages     = {849--856},
  year      = {2001}
}

@inproceedings{Bo.NIPS2009,
author    = {Liefeng Bo and
               Cristian Sminchisescu},
  title     = {Efficient Match Kernel between Sets of Features for Visual Recognition},
  booktitle = {Advances in Neural Information Processing Systems 22, NIPS 2009. Proceedings
               of a meeting held 7-10 December 2009, Vancouver, British Columbia,
               Canada.},
  pages     = {135--143},
  year      = {2009}
}
@inproceedings{NIPS2013_5082,
author    = {Rohit Babbar and
               Ioannis Partalas and
               {\'{E}}ric Gaussier and
               Massih{-}Reza Amini},
  title     = {On Flat versus Hierarchical Classification in Large-Scale Taxonomies},
  booktitle = {Advances in Neural Information Processing Systems 26, NIPS 2013. Proceedings
               of a meeting held December 5-8, 2013, Lake Tahoe, Nevada, United States.},
  pages     = {1824--1832},
  year      = {2013}
}

@inproceedings{Wang.ICME13,
  author    = {Yang Wang and
               David A. Forsyth},
  title     = {Large multi-class image categorization with ensembles of label trees},
  booktitle = {Proceedings of the 2013 {IEEE} International Conference on Multimedia
               and Expo, {ICME} 2013, San Jose, CA, USA, July 15-19, 2013},
  pages     = {1--6},
  year      = {2013}
}
@techreport{haussler99convolution,
  added-at = {2011-02-11T11:29:10.000+0100},
  address = {Santa Cruz, CA, USA},
  author = {Haussler, David},
  biburl = {http://www.bibsonomy.org/bibtex/266f4c8b9c3769f1718cade8f022096a4/utahell},
  description = {Convolution Kernels on Discrete Structures - Haussler (ResearchIndex)},
  institution = {University of California at Santa Cruz},
  keywords = {kernel structured-data},
  number = {UCS-CRL-99-10},
  timestamp = {2011-10-28T16:52:50.000+0200},
  title = {Convolution Kernels on Discrete Structures},
  type = {Technical Report},
  
  year = 1999
}

@inproceedings{LiJiaLi.CVPR2010,
 author    = {Li{-}Jia Li and
               Chong Wang and
               Yongwhan Lim and
               David M. Blei and
               Fei{-}Fei Li},
  title     = {Building and using a semantivisual image hierarchy},
  booktitle = {The Twenty-Third {IEEE} Conference on Computer Vision and Pattern
               Recognition, {CVPR} 2010, San Francisco, CA, USA, 13-18 June 2010},
  pages     = {3336--3343},
  year      = {2010}

}
@article{DongXu.TPAMI2008,
  author    = {Dong Xu and
               Shih{-}Fu Chang},
  title     = {Video Event Recognition Using Kernel Methods with Multilevel Temporal
               Alignment},
  journal   = {{IEEE} Trans. Pattern Anal. Mach. Intell.},
  volume    = {30},
  number    = {11},
  pages     = {1985--1997},
  year      = {2008}
}

@article{Vedaldi2012,
 author = {Vedaldi, Andrea and Zisserman, Andrew},
 title = {Efficient Additive Kernels via Explicit Feature Maps},
 journal = {IEEE Trans. Pattern Anal. Mach. Intell.},
 issue_date = {March 2012},
 volume = {34},
 number = {3},
 month = mar,
 year = {2012},
 issn = {0162-8828},
 pages = {480--492},
 numpages = {13},
 acmid = {2122586},
 publisher = {IEEE Computer Society},
 address = {Washington, DC, USA},
 keywords = {Kernel methods, feature map, large scale learning, object recognition, object detection.}
} 
@article{Chatfield14,
  author    = {Ken Chatfield and
               Karen Simonyan and
               Andrea Vedaldi and
               Andrew Zisserman},
  title     = {Return of the Devil in the Details: Delving Deep into Convolutional
               Nets},
  journal   = {CoRR},
  volume    = {abs/1405.3531},
  year      = {2014}
}
@book{Scholkopf:2001:LKS:559923,
 author = {Scholkopf, Bernhard and Smola, Alexander J.},
 title = {Learning with Kernels: Support Vector Machines, Regularization, Optimization, and Beyond},
 year = {2001},
 isbn = {0262194759},
 publisher = {MIT Press},
 address = {Cambridge, MA, USA}
} 
@article{ Zhu.CVIU2014,
  author    = {Shiai Zhu and
               Xiao{-}Yong Wei and
               Chong{-}Wah Ngo},
  title     = {Collaborative error reduction for hierarchical classification},
  journal   = {Computer Vision and Image Understanding},
  volume    = {124},
  pages     = {79--90},
  year      = {2014}
}

@inproceedings{Liu.CVPR2013.ProbTree,
  author    = {Baoyuan Liu and
               Fereshteh Sadeghi and
               Marshall F. Tappen and
               Ohad Shamir and
               Ce Liu},
  title     = {Probabilistic Label Trees for Efficient Large Scale Image Classification},
  booktitle = {2013 {IEEE} Conference on Computer Vision and Pattern Recognition,
               Portland, OR, USA, June 23-28, 2013},
  pages     = {843--850},
  year      = {2013}
}
@inproceedings{DBLP:conf/nips/AndrewsTH02,
  author    = {Stuart Andrews and
               Ioannis Tsochantaridis and
               Thomas Hofmann},
  title     = {Support Vector Machines for Multiple-Instance Learning},
  booktitle = {Advances in Neural Information Processing Systems 15, {NIPS} 2002, December 9-14, 2002, Vancouver, British
               Columbia, Canada]},
  pages     = {561--568},
  year      = {2002}
}
@article{WordNet1995,
 author = {Miller, George A.},
 title = {WordNet: A Lexical Database for English},
 journal = {Commun. ACM},
 issue_date = {Nov. 1995},
 volume = {38},
 number = {11},
 month = nov,
 year = {1995},
 issn = {0001-0782},
 pages = {39--41},
 numpages = {3},
 publisher = {ACM},
 address = {New York, NY, USA}
} 
@article{ILSVRC15,
Author = {Olga Russakovsky and Jia Deng and Hao Su and Jonathan Krause and Sanjeev Satheesh and Sean Ma and Zhiheng Huang and Andrej Karpathy and Aditya Khosla and Michael Bernstein and Alexander C. Berg and Li Fei-Fei},
Title = {{ImageNet Large Scale Visual Recognition Challenge}},
Year = {2015},
journal   = {International Journal of Computer Vision (IJCV)},
doi = {10.1007/s11263-015-0816-y},
pages={1-42},
month={April}
}
@inproceedings{DBLP:conf/cvpr/LiS009,
  author    = {Li{-}Jia Li and
               Richard Socher and
               Fei{-}Fei Li},
  title     = {Towards total scene understanding: Classification, annotation and
               segmentation in an automatic framework},
  booktitle = {2009 {IEEE} Computer Society Conference on Computer Vision and Pattern
               Recognition {(CVPR} 2009), 20-25 June 2009, Miami, Florida, {USA}},
  pages     = {2036--2043},
  year      = {2009}
}
@article{DBLP:journals/pami/CarneiroCMV07,
  author    = {Gustavo Carneiro and
               Antoni B. Chan and
               Pedro J. Moreno and
               Nuno Vasconcelos},
  title     = {Supervised Learning of Semantic Classes for Image Annotation and Retrieval},
  journal   = {{IEEE} Trans. Pattern Anal. Mach. Intell.},
  volume    = {29},
  number    = {3},
  pages     = {394--410},
  year      = {2007}
}
@inproceedings{Krizhevsky12NIPS,
author    = {Alex Krizhevsky and
               Ilya Sutskever and
               Geoffrey E. Hinton},
  title     = {ImageNet Classification with Deep Convolutional Neural Networks},
  booktitle = {Advances in Neural Information Processing Systems 25, NIPS 2012. Proceedings
               of a meeting held December 3-6, 2012, Lake Tahoe, Nevada, United States.},
  pages     = {1106--1114},
  year      = {2012}
}
@inproceedings{Perronnin10ECCV,
  author    = {Florent Perronnin and
               Jorge S{\'{a}}nchez and
               Thomas Mensink},
  title     = {Improving the Fisher Kernel for Large-Scale Image Classification},
  booktitle = {Computer Vision - {ECCV} 2010, 11th European Conference on Computer
               Vision, Heraklion, Crete, Greece, September 5-11, 2010, Proceedings,
               Part {IV}},
  pages     = {143--156},
  year      = {2010}
}

@inproceedings{Harchaoui12CVPR,
author    = {Za{\"{\i}}d Harchaoui and
               Matthijs Douze and
               Mattis Paulin and
               Miroslav Dud{\'{\i}}k and
               J{\'{e}}r{\^{o}}me Malick},
  title     = {Large-scale image classification with trace-norm regularization},
  booktitle = {2012 {IEEE} Conference on Computer Vision and Pattern Recognition,
               Providence, RI, USA, June 16-21, 2012},
  pages     = {3386--3393},
  year      = {2012}
}
@article{HOSong15PAMI,
  author    = {Hyun Oh Song and
               Ross B. Girshick and
               Stefan Zickler and
               Christopher Geyer and
               Pedro F. Felzenszwalb and
               Trevor Darrell},
  title     = {Generalized Sparselet Models for Real-Time Multiclass Object Recognition},
  journal   = {{IEEE} Trans. Pattern Anal. Mach. Intell.},
  volume    = {37},
  number    = {5},
  pages     = {1001--1012},
  year      = {2015}
 
}
@article{LoweIJCV04,
  author    = {David G. Lowe},
  title     = {Distinctive Image Features from Scale-Invariant Keypoints},
  journal   = {International Journal of Computer Vision},
  volume    = {60},
  number    = {2},
  pages     = {91--110},
  year      = {2004}
}
@inproceedings{SivicICCV03,
  author    = {Josef Sivic and
               Andrew Zisserman},
  title     = {Video Google: {A} Text Retrieval Approach to Object Matching in Videos},
  booktitle = {9th {IEEE} International Conference on Computer Vision {(ICCV} 2003),
               14-17 October 2003, Nice, France},
  pages     = {1470--1477},
  year      = {2003}
}



@article{bradley2000constrained,
  title={Constrained k-means clustering},
  author={Bradley, PS and Bennett, KP and Demiriz, Ayhan},
  journal={Microsoft Research, Redmond},
  pages={1--8},
  year={2000}
}
@article{Datta:2008,
  author    = {Ritendra Datta and
               Dhiraj Joshi and
               Jia Li and
               James Ze Wang},
  title     = {Image retrieval: Ideas, influences, and trends of the new age},
  journal   = {{ACM} Comput. Surv.},
  volume    = {40},
  number    = {2},
  year      = {2008}
}

@article{ng2002spectral,
   author    = {Andrew Y. Ng and
               Michael I. Jordan and
               Yair Weiss},
  title     = {On Spectral Clustering: Analysis and an algorithm},
  booktitle = {Advances in Neural Information Processing Systems 14, {NIPS} 2001, December 3-8,
               2001, Vancouver, British Columbia, Canada]},
  pages     = {849--856},
  year      = {2001}
}

@inproceedings{WagstaffCRS01,
  author    = {Kiri Wagstaff and
               Claire Cardie and
               Seth Rogers and
               Stefan Schr{\"{o}}dl},
  title     = {Constrained K-means Clustering with Background Knowledge},
  booktitle = {Proceedings of the Eighteenth International Conference on Machine
               Learning {(ICML} 2001), Williams College, Williamstown, MA, USA, June
               28 - July 1, 2001},
  pages     = {577--584},
  year      = {2001}
}

% CNN-----------
@inproceedings{ChatfieldBMVC14,
  author    = {Ken Chatfield and
               Karen Simonyan and
               Andrea Vedaldi and
               Andrew Zisserman},
  title     = {Return of the Devil in the Details: Delving Deep into Convolutional
               Nets},
  booktitle = {British Machine Vision Conference, {BMVC} 2014, Nottingham, UK, September
               1-5, 2014},
  year      = {2014}
}
@inproceedings{KrizhevskyNIPS12,
  author    = {Alex Krizhevsky and
               Ilya Sutskever and
               Geoffrey E. Hinton},
  title     = {ImageNet Classification with Deep Convolutional Neural Networks},
  booktitle = {Advances in Neural Information Processing Systems 25, NIPS 2012. Proceedings
               of a meeting held December 3-6, 2012, Lake Tahoe, Nevada, United States.},
  pages     = {1106--1114},
  year      = {2012}
}
@inproceedings{XZhang09ICCV,
  author    = {Xiao Zhang and
               Lin Liang and
               Heung{-}Yeung Shum},
  title     = {Spectral error correcting output codes for efficient multiclass recognition},
  booktitle = {{IEEE} 12th International Conference on Computer Vision, {ICCV} 2009,
               Kyoto, Japan, September 27 - October 4, 2009},
  pages     = {1111--1118},
  year      = {2009}
}
@inproceedings{AndrewsNIPS2002,
  author    = {Stuart Andrews and
               Ioannis Tsochantaridis and
               Thomas Hofmann},
  title     = {Support Vector Machines for Multiple-Instance Learning},
  booktitle = {Advances in Neural Information Processing Systems 15, {NIPS} 2002, December 9-14, 2002, Vancouver, British
               Columbia, Canada]},
  pages     = {561--568},
  year      = {2002}
}

@inproceedings{WangICME13,
  author    = {Yang Wang and
               David A. Forsyth},
  title     = {Large multi-class image categorization with ensembles of label trees},
  booktitle = {Proceedings of the 2013 {IEEE} International Conference on Multimedia
               and Expo, {ICME} 2013, San Jose, CA, USA, July 15-19, 2013},
  pages     = {1--6},
  year      = {2013}
}
@inproceedings{DengECCV2010,
  author    = {Jia Deng and
               Alexander C. Berg and
               Kai Li and
               Li Fei-Fei},
  title     = {What Does Classifying More Than 10, 000 Image Categories Tell Us?},
  booktitle = {ECCV},
  year      = {2010},
  pages     = {71-84}
}
@incollection{Babbar.NIPS2013_5082, 
    Title = {On Flat versus Hierarchical Classification in Large-Scale Taxonomies}, 
    Url = {http://media.nips.cc/nipsbooks/nipspapers/paper_files/nips26/926.pdf}, 
    Booktitle = {Advances in Neural Information Processing Systems 26}, 
    Author = {Rohit Babbar and Ioannis Partalas and Eric Gaussier and Massih-reza Amini}, 
    Editor = {C.j.c. Burges and L. Bottou and M. Welling and Z. Ghahramani and K.q. Weinberger}, 
    Year = {2013}, 
    Pages = {1824--1832} 
   }
   
@InProceedings{Li_2015_CVPR,
author = {Li, Weixin and Vasconcelos, Nuno},
title = {Multiple Instance Learning for Soft Bags via Top Instances},
booktitle = {The IEEE Conference on Computer Vision and Pattern Recognition (CVPR)},
month = {June},
year = {2015}
}
% CNN-----------
@inproceedings{ChatfieldBMVC14,
  author    = {Ken Chatfield and
               Karen Simonyan and
               Andrea Vedaldi and
               Andrew Zisserman},
  title     = {Return of the Devil in the Details: Delving Deep into Convolutional Nets},
  booktitle = {British Machine Vision Conference, {BMVC} 2014, Nottingham, UK, September  1-5, 2014},
  year      = {2014}
}

@inproceedings{KrizhevskyNIPS12,
  author    = {Alex Krizhevsky and
               Ilya Sutskever and
               Geoffrey E. Hinton},
  title     = {ImageNet Classification with Deep Convolutional Neural Networks},
  booktitle = {Advances in Neural Information Processing Systems 25, NIPS 2012. Proceedings
               of a meeting held December 3-6, 2012, Lake Tahoe, Nevada, United States.},
  pages     = {1106--1114},
  year      = {2012}
}